<record><leader>00000cas a22000007a 4500</leader><controlfield tag="001">10005300</controlfield><controlfield tag="008">831012d18621862laudn ne      0    0fre d</controlfield><datafield ind1=" " ind2=" " tag="010"><subfield code="a">sn 83026402 </subfield></datafield><datafield ind1=" " ind2=" " tag="040"><subfield code="a">NPV</subfield><subfield code="b">eng</subfield><subfield code="c">NPV</subfield><subfield code="d">NPX</subfield><subfield code="d">LNP</subfield><subfield code="d">OCLCQ</subfield></datafield><datafield ind1=" " ind2=" " tag="042"><subfield code="a">msc</subfield></datafield><datafield ind1=" " ind2=" " tag="045"><subfield code="a">w6w6</subfield></datafield><datafield ind1=" " ind2=" " tag="052"><subfield code="a">4014</subfield><subfield code="b">N5</subfield></datafield><datafield ind1="0" ind2=" " tag="130"><subfield code="a">Renaissance (New Orleans, La.)</subfield></datafield><datafield ind1="1" ind2="3" tag="245"><subfield code="a">La Renaissance.</subfield></datafield><datafield ind1=" " ind2=" " tag="260"><subfield code="a">Nouvelle Orle&#769;ans [i.e. New Orleans] La. :</subfield><subfield code="b">[s.n.],</subfield><subfield code="c">1862-</subfield></datafield><datafield ind1=" " ind2=" " tag="300"><subfield code="a">v. ;</subfield><subfield code="c">58 cm.</subfield></datafield><datafield ind1=" " ind2=" " tag="310"><subfield code="a">Daily (except Sun.)</subfield></datafield><datafield ind1="0" ind2=" " tag="362"><subfield code="a">Vol. 1, no. 1 (19 mai 1862)-</subfield></datafield><datafield ind1="1" ind2=" " tag="362"><subfield code="a">Ceased in 1862?</subfield><subfield code="z">Cf. Tinker, E.L. Bibl. of the French newspapers and periodicals of La.</subfield></datafield><datafield ind1=" " ind2=" " tag="546"><subfield code="a">In French.</subfield></datafield><datafield ind1=" " ind2=" " tag="580"><subfield code="a">Weekly ed.: Renaissance louisianaise. Evening ed.: Renaissance (New Orleans, La. : Evening ed.).</subfield></datafield><datafield ind1=" " ind2=" " tag="752"><subfield code="a">United States</subfield><subfield code="b">Louisiana</subfield><subfield code="c">Orleans</subfield><subfield code="d">New Orleans.</subfield></datafield><datafield ind1="1" ind2=" " tag="775"><subfield code="t">Renaissance louisianaise</subfield><subfield code="w">(DLC)sn 83026407</subfield></datafield><datafield ind1="1" ind2=" " tag="775"><subfield code="t">Renaissance (New Orleans, La. : Evening ed.)</subfield><subfield code="w">(DLC)sn 89059237</subfield></datafield></record>